@article{behar2019noninvasive,
  title={Noninvasive fetal electrocardiography for the detection of fetal arrhythmias},
  author={Behar, Joachim A and Bonnemains, Laurent and Shulgin, Vyacheslav and Oster, Julien and Ostras, Oleksii and Lakhno, Igor},
  journal={Prenatal diagnosis},
  volume={39},
  number={3},
  pages={178--187},
  year={2019},
  publisher={Wiley Online Library}
}

@article{goldberger2000physiobank,
  title={PhysioBank, PhysioToolkit, and PhysioNet: components of a new research resource for complex physiologic signals},
  author={Goldberger, Ary L and Amaral, Luis AN and Glass, Leon and Hausdorff, Jeffrey M and Ivanov, Plamen Ch and Mark, Roger G and Mietus, Joseph E and Moody, George B and Peng, C-K and Stanley, H Eugene},
  journal={Circulation},
  volume={101},
  number={23},
  pages={e215--e220},
  year={2000},
  publisher={Am Heart Assoc}
}
